@article{Johnson2008,
  title={Simple pragmatic approach to mesh routing using BATMAN},
  author={Johnson, David and Ntlatlapa, Ntsibane and Aichele, Corinna},
  journal={Ciao},
  year=2008
}

@article{Lindner2007,
  title={BATMAN Status Report},
  author={Lindner, M and Aichele, A Neumann C Elektra},
  journal={Status Report},
  year=2007
}
